<record><leader>00000cas a22000007a 4500</leader><controlfield tag="001">12257943</controlfield><controlfield tag="008">850712d1864186uiauwr ne      0    0eng d</controlfield><datafield ind1=" " ind2=" " tag="010"><subfield code="a">sn 85049675 </subfield></datafield><datafield ind1=" " ind2=" " tag="040"><subfield code="a">INP</subfield><subfield code="b">eng</subfield><subfield code="c">INP</subfield><subfield code="d">OCLCQ</subfield></datafield><datafield ind1=" " ind2=" " tag="042"><subfield code="a">msc</subfield></datafield><datafield ind1="0" ind2="4" tag="245"><subfield code="a">The Weekly Glenwood opinion.</subfield></datafield><datafield ind1="1" ind2="3" tag="246"><subfield code="a">Opinion</subfield><subfield code="f">&lt;Sept. 24, 1864&gt;</subfield></datafield><datafield ind1=" " ind2=" " tag="260"><subfield code="a">Glenwood, Mills County, Iowa :</subfield><subfield code="b">T.P. Ballard &amp; Wm. Hale</subfield></datafield><datafield ind1=" " ind2=" " tag="300"><subfield code="a">v. :</subfield><subfield code="b">ill.</subfield></datafield><datafield ind1=" " ind2=" " tag="310"><subfield code="a">Weekly</subfield></datafield><datafield ind1="1" ind2=" " tag="362"><subfield code="a">Began in 1864.</subfield><subfield code="z">Cf. Bibl. of Iowa newspapers.</subfield></datafield><datafield ind1="1" ind2=" " tag="362"><subfield code="a">Ceased by Apr. 22, 1865.</subfield></datafield><datafield ind1=" " ind2=" " tag="500"><subfield code="a">Editor: Wm. Hale.</subfield></datafield><datafield ind1=" " ind2=" " tag="588"><subfield code="a">Description based on: Vol. 1, no. 18 (Aug. 13, 1864).</subfield></datafield><datafield ind1=" " ind2=" " tag="752"><subfield code="a">United States</subfield><subfield code="b">Iowa</subfield><subfield code="c">Mills</subfield><subfield code="d">Glenwood.</subfield></datafield><datafield ind1="0" ind2="0" tag="780"><subfield code="t">Our opinion (Glenwood, Iowa)</subfield><subfield code="w">(DLC)sn 85049674</subfield></datafield><datafield ind1="0" ind2="0" tag="785"><subfield code="t">Glenwood opinion</subfield><subfield code="w">(DLC)sn 84038191</subfield></datafield><datafield ind1="1" ind2=" " tag="029"><subfield code="a">AU@</subfield><subfield code="b">000025783902</subfield></datafield></record>